@conference{deman2017ten,
	Author = {De Man, Brecht and Reiss, Joshua D. and Stables, Ryan},
	Booktitle = {3rd Workshop on Intelligent Music Production},
	Month = {September},
	Title = {Ten Years of Automatic Mixing},
	Year = {2017}}

@conference{deman2017mix,
	Author = {De Man, Brecht and Reiss, Joshua D.},
	Booktitle = {Proceedings of the 20th International Conference on Digital Audio Effects (DAFx-17)},
	Month = {September},
	Title = {The {M}ix {E}valuation {D}ataset},
	Year = {2017}}

@article{deman2017perceptual,
	Author = {De Man, Brecht and McNally, Kirk and Reiss, Joshua D.},
	Journal = {Journal of the Audio Engineering Society},
	Month = {January/February},
	Number = {1/2},
	Pages = {108--116},
	Title = {Perceptual evaluation and analysis of reverberation in multitrack music production},
	Volume = {65},
	Year = {2017}}

@conference{stables2016semantic,
	Author = {Stables, Ryan and Enderby, Sean and De Man, Brecht and Reiss, Joshua D. and Fazekas, Gy\"{o}rgy and Wilmering, Thomas},
	Booktitle = {Proceedings of the ACM International Conference on Multimedia},
	Month = {October},
	Title = {Semantic Description of Timbral Transformations in Music Production},
	Year = {2016}}

@incollection{deman2015crowdsourced,
	Author = {De Man, Brecht and Reiss, Joshua D.},
	Booktitle = {Innovation in Music II},
	Editor = {Hepworth-Sawyer, Russ and Hodgson, Jay and Paterson, Justin L. and Toulson, Rob},
	Publisher = {Future Technology Press},
	Title = {Crowd-sourced learning of music production practices through large-scale perceptual evaluation of mixes},
	Year = {2016}}

@conference{jillings2016waet,
	Author = {Nicholas Jillings and De Man, Brecht and Moffat, David and Reiss, Joshua D.},
	Booktitle = {2nd Web Audio Conference},
	Month = {April},
	Title = {{W}eb {A}udio {E}valuation {T}ool: {A} framework for subjective assessment of audio},
	Year = {2016}}

@conference{deman2013pairwise,
	Author = {De Man, Brecht and Reiss, Joshua D.},
	Booktitle = {Audio Engineering Society 134},
	Month = {May},
	Title = {A Pairwise and Multiple Stimuli Approach to Perceptual Evaluation of Microphone Types},
	Year = {2013}}

@conference{deman2013knowledge,
	Author = {De Man, Brecht and Reiss, Joshua D.},
	Booktitle = {Audio Engineering Society 135},
	Month = {October},
	Title = {A Knowledge-Engineered Autonomous Mixing System},
	Year = {2013}}

@article{deman2013semantic,
	Author = {De Man, Brecht and Reiss, Joshua D.},
	Journal = {Journal of the Art of Record Production},
	Month = {December},
	Title = {A Semantic Approach to Autonomous Mixing},
	Volume = {8},
	Year = {2013}}

@conference{deman2014adaptive,
	Author = {De Man, Brecht and Reiss, Joshua D.},
	Booktitle = {53rd Conference of the Audio Engineering Society},
	Month = {January},
	Title = {Adaptive Control of Amplitude Distortion Effects},
	Year = {2014}}

@conference{deman2014ape,
	Author = {De Man, Brecht and Reiss, Joshua D.},
	Booktitle = {136th Convention of the Audio Engineering Society},
	Month = {April},
	Title = {{APE}: Audio Perceptual Evaluation toolbox for {MATLAB}},
	Year = {2014}}

@conference{deman2014omtb,
	Author = {De Man, Brecht and Mora-Mcginity, Mariano and Fazekas, Gy{\"o}rgy and Reiss, Joshua D.},
	Booktitle = {137th Convention of the Audio Engineering Society},
	Month = {October},
	Title = {{T}he {O}pen {M}ultitrack {T}estbed},
	Year = {2014}}

@conference{deman2014analysis,
	Author = {De Man, Brecht and Leonard, Brett and King, Richard and Reiss, Joshua D.},
	Booktitle = {15th International Society for Music Information Retrieval Conference (ISMIR 2014)},
	Month = {October},
	Title = {An Analysis and Evaluation of Audio Features for Multitrack Music Mixtures},
	Year = {2014}}

@conference{stables2014safe,
	Author = {Stables, Ryan and Enderby, Sean and De Man, Brecht and Fazekas, Gy{\"o}rgy and Reiss, Joshua D.},
	Booktitle = {15th International Society for Music Information Retrieval Conference (ISMIR 2014)},
	Month = {October},
	Title = {{SAFE}: A System for the Extraction and Retrieval of Semantic Audio Descriptors},
	Year = {2014}}

@conference{deman2015perceptual,
	Author = {De Man, Brecht and Boerum, Matthew and Leonard, Brett and King, Richard and Massenburg, George and Reiss, Joshua D.},
	Booktitle = {Audio Engineering Society 138},
	Month = {May},
	Title = {Perceptual evaluation of music mixing practices},
	Year = {2015}}

@article{ma2015intelligent,
	Author = {Ma, Zheng and De Man, Brecht and Pestana, Pedro Duarte and Black, Dawn A. A. and Reiss, Joshua D.},
	Journal = {Journal of the Audio Engineering Society},
	Month = {June},
	Number = {6},
	Pages = {412--426},
	Title = {Intelligent Multitrack Dynamic Range Compression},
	Volume = {63},
	Year = {2015}}

@article{deman2015analysis,
	Author = {De Man, Brecht and Reiss, Joshua D.},
	Journal = {Journal of the Art of Record Production},
	Month = {July},
	Title = {Analysis of peer reviews in music production},
	Volume = {10},
	Year = {2015}}

@conference{jillings2015waet,
	Author = {Jillings, Nicholas and Moffat, David and De Man, Brecht and Reiss, Joshua D.},
	Booktitle = {12th Sound and Music Computing Conference},
	Month = {July},
	Title = {{W}eb {A}udio {E}valuation {T}ool: {A} browser-based listening test environment},
	Year = {2015}}

@conference{ronan2015subgrouping,
	Author = {Ronan, David M. and De Man, Brecht and Gunes, Hatice and Reiss, Joshua D.},
	Booktitle = {Audio Engineering Society 139},
	Month = {October},
	Title = {The impact of subgrouping practices on the perception of multitrack mixes},
	Year = {2015}}
